@article{Cetinkaya,
    author =       "O. Cetinkaya",
    title =        "{Analysis of security requirements for cryptographic
                 voting protocols (extended abstract)}",
    pages =        "1451--1456",
    month=         "March",
    year =         "2008"
}

@inbook{Damgaard2003,
	author=		"Damg{\aa}rd, Ivan
				and Groth, Jens
				and Salomonsen, Gorm",
	title=		"The Theory and Implementation of an Electronic Voting System",
	booktitle=	"Secure Electronic Voting",
	year=		"2002",
	publisher=	"Kluwer Academic Publishers",
	pages =     "70--100"
}

@Inbook{Schoenmakers1999,
    author=     "Schoenmakers, Berry",
    editor=     "Wiener, Michael",
    title=      "A Simple Publicly Verifiable Secret Sharing Scheme and Its Application to             Electronic Voting",
    bookTitle=  "Advances in Cryptology --- CRYPTO' 99: 19th Annual International                     Cryptology Conference Santa Barbara, California, USA, August 15--19, 1999             Proceedings",
    year=       "1999",
    publisher=  "Springer Berlin Heidelberg",
    address=    "Berlin, Heidelberg",
    pages=      "148--164",
    isbn=       "978-3-540-48405-9",
    doi=        "10.1007/3-540-48405-1_10",
    url=        "http://dx.doi.org/10.1007/3-540-48405-1_10"
}







@article{einstein,
    author =       "Albert Einstein",
    title =        "{Zur Elektrodynamik bewegter K{\"o}rper}. ({German})
                 [{On} the electrodynamics of moving bodies]",
    journal =      "Annalen der Physik",
    volume =       "322",
    number =       "10",
    pages =        "891--921",
    year =         "1905",
    DOI =          "http://dx.doi.org/10.1002/andp.19053221004"
}

@book{latexcompanion,
    author    = "Michel Goossens and Frank Mittelbach and Alexander Samarin",
    title     = "The \LaTeX\ Companion",
    year      = "1993",
    publisher = "Addison-Wesley",
    address   = "Reading, Massachusetts"
}
 
@misc{knuthwebsite,
    author    = "Donald Knuth",
    title     = "Knuth: Computers and Typesetting",
    url       = "http://www-cs-faculty.stanford.edu/\~{}uno/abcde.html"
}
